<collection xmlns="http://www.loc.gov/MARC21/slim"><record><leader>01088nam  2200289   450</leader><controlfield tag="001">876</controlfield><controlfield tag="003">http://montalegre.opacnet.com/OPAC/default.aspx?ContentAreaControl=ShowRegHoldings.ascx&amp;RegNo=16662</controlfield><datafield tag="100" ind1=" " ind2=" "><subfield code="a">20061013d1978    a  y0pory0103    ba</subfield></datafield><datafield tag="101" ind1="0" ind2=" "><subfield code="a">por</subfield></datafield><datafield tag="102" ind1=" " ind2=" "><subfield code="a">PT</subfield></datafield><datafield tag="200" ind1="1" ind2=" "><subfield code="a">&lt;15=      15&gt; histórias de ficção científica</subfield><subfield code="f">textos seleccionados por Bertrand Solet e Maria Adelaide Couto Viana</subfield><subfield code="g">tradução de Rui Viana Pereira e Ricardo Alberty</subfield><subfield code="g">ilustração de François Batet e José Antunes</subfield></datafield><datafield tag="210" ind1=" " ind2=" "><subfield code="a">Lisboa</subfield><subfield code="c">Verbo</subfield><subfield code="d">1978</subfield></datafield><datafield tag="215" ind1=" " ind2=" "><subfield code="a">219p.</subfield><subfield code="c">il.</subfield><subfield code="d">21cm</subfield></datafield><datafield tag="225" ind1="0" ind2=" "><subfield code="a">Série 15</subfield><subfield code="v">38</subfield></datafield><datafield tag="606" ind1=" " ind2=" "><subfield code="a">Literatura juvenil</subfield></datafield><datafield tag="608" ind1=" " ind2=" "><subfield code="a">Prosa narrativa</subfield></datafield><datafield tag="675" ind1=" " ind2=" "><subfield code="a">82-311.9</subfield></datafield><datafield tag="701" ind1=" " ind2="1"><subfield code="a">Verne</subfield><subfield code="b">Jules</subfield><subfield code="f">1828-1905</subfield></datafield><datafield tag="701" ind1=" " ind2="1"><subfield code="a">Correia</subfield><subfield code="b">Natália</subfield><subfield code="f">1923-1993</subfield></datafield><datafield tag="702" ind1=" " ind2="1"><subfield code="a">Pereira</subfield><subfield code="b">Rui Viana</subfield><subfield code="4">730</subfield></datafield><datafield tag="702" ind1=" " ind2="1"><subfield code="a">Alberty</subfield><subfield code="b">Ricardo</subfield><subfield code="f">1919-1992</subfield><subfield code="4">730</subfield></datafield><datafield tag="702" ind1=" " ind2="1"><subfield code="a">Batet</subfield><subfield code="b">François</subfield><subfield code="4">440</subfield></datafield><datafield tag="702" ind1=" " ind2="1"><subfield code="a">Antunes</subfield><subfield code="b">José</subfield><subfield code="4">440</subfield></datafield><datafield tag="702" ind1=" " ind2="1"><subfield code="a">Solet</subfield><subfield code="b">Bertrand</subfield></datafield><datafield tag="702" ind1=" " ind2="1"><subfield code="a">Viana</subfield><subfield code="b">Maria Adelaide Couto</subfield><subfield code="f">1921-1990</subfield></datafield><datafield tag="801" ind1=" " ind2="0"><subfield code="a">PT</subfield><subfield code="b">Biblioteca Municipal de Montalegre</subfield><subfield code="g">RPC</subfield></datafield><datafield tag="856" ind1=" " ind2=" "><subfield code="u">locateMedia.asp?cod=20060627152123&amp;ext=jpg</subfield><subfield code="z">CAPA</subfield></datafield><datafield tag="909" ind1="&#9;" ind2=" "><subfield code="a">1</subfield></datafield><datafield tag="966" ind1=" " ind2=" "><subfield code="a">0003084</subfield><subfield code="l">BMM</subfield><subfield code="s">SJ 82-311.9 SOL his 38</subfield></datafield></record></collection>